<!DOCTYPE html>
<html>
<head>
<meta http-equiv="Content-Type" content="text/html; charset=utf-8">
<meta name="viewport" content="width=device-width, initial-scale=1, maximum-scale=1">
<title></title>
<link href="http://researchr.org/favicon.ico?1421238444512" rel="shortcut icon" type="image/x-icon" />
<link href="http://researchr.org/stylesheets/common_.css?1421238444512" rel="stylesheet" type="text/css" />
<script type="text/javascript">var show_webdsl_debug=false;</script>
<script type="text/javascript">var contextpath="http://researchr.org";</script>
<script type="text/javascript" src="//ajax.googleapis.com/ajax/libs/jquery/1.11.0/jquery.min.js"></script>
<script type="text/javascript" src="http://researchr.org/javascript/ajax.js?1421238444512"></script>
</head>
<body id="downloadbibtex">Bibliography downloaded from http://researchr.org/downloadbibtex/bibliography/ldwb-rescalc/compact

@inproceedings{Tarau11,
  title = {Integrated symbol table, engine and heap memory management in multi-engine prolog},
  author = {Paul Tarau},
  year = {2011},
  doi = {http://doi.acm.org/10.1145/1993478.1993497},
  tags = {Prolog, memory management},
  researchr = {http://researchr.org/publication/Tarau11},
  cites = {0},
  citedby = {0},
  pages = {129-138},
  booktitle = {iwmm},
}

@inproceedings{WeirichYS11,
  title = {Binders unbound},
  author = {Stephanie Weirich and Brent A. Yorgey and Tim Sheard},
  year = {2011},
  doi = {http://doi.acm.org/10.1145/2034773.2034818},
  researchr = {http://researchr.org/publication/WeirichYS11},
  cites = {0},
  citedby = {0},
  pages = {333-345},
  booktitle = {ICFP},
}

@misc{Bruch2010,
  title = {IDE 2.0: Collective Intelligence in Software Development},
  author = {Marcel Bruch},
  year = {2010},
  doi = {http://code-recommenders.blogspot.com/2010/08/eclipse-and-academia-briding-gap.html},
  tags = {rule-based, source-to-source, peer-to-peer, Meta-Environment, open-source},
  researchr = {http://researchr.org/publication/Bruch2010},
  cites = {11},
  citedby = {0},
}

@inproceedings{VisserOnward14,
  title = {A Language Designer's Workbench: A One-Stop-Shop for Implementation and Verification of Language Designs},
  author = {Eelco Visser and Guido Wachsmuth and Andrew P. Tolmach and Pierre Neron and Vlad A. Vergu and Augusto Passalaqua and Gabriël D. P. Konat},
  year = {2014},
  doi = {http://doi.acm.org/10.1145/2661136.2661149},
  researchr = {http://researchr.org/publication/VisserOnward14},
  cites = {0},
  citedby = {0},
  pages = {95-111},
  booktitle = {OOPSLA},
}

@inproceedings{StansiferW14,
  title = {Romeo: a system for more flexible binding-safe programming},
  author = {Paul Stansifer and Mitchell Wand},
  year = {2014},
  doi = {http://doi.acm.org/10.1145/2628136.2628162},
  researchr = {http://researchr.org/publication/StansiferW14},
  cites = {0},
  citedby = {0},
  pages = {53-65},
  booktitle = {ICFP},
}

@inproceedings{Pottier07:0,
  title = {Static Name Control for FreshML},
  author = {François Pottier},
  year = {2007},
  doi = {http://doi.ieeecomputersociety.org/10.1109/LICS.2007.44},
  researchr = {http://researchr.org/publication/Pottier07%3A0},
  cites = {0},
  citedby = {0},
  pages = {356-365},
  booktitle = {lics},
}

@inproceedings{Cheney05a,
  title = {Toward a general theory of names: binding and scope},
  author = {James Cheney},
  year = {2005},
  doi = {http://doi.acm.org/10.1145/1088454.1088459},
  researchr = {http://researchr.org/publication/Cheney05a},
  cites = {0},
  citedby = {0},
  pages = {33-40},
  booktitle = {ICFP},
}

@inproceedings{HermanW08,
  title = {A Theory of Hygienic Macros},
  author = {David Herman and Mitchell Wand},
  year = {2008},
  doi = {http://dx.doi.org/10.1007/978-3-540-78739-6_4},
  tags = {macros, Hygienic Macro},
  researchr = {http://researchr.org/publication/HermanW08},
  cites = {0},
  citedby = {0},
  pages = {48-62},
  booktitle = {ESOP},
}

@techreport{TUD-SERG-2015-001,
  title = {A Theory of Name Resolution with extended Coverage and Proofs},
  author = {Pierre Neron and Andrew P. Tolmach and Eelco Visser and Guido Wachsmuth},
  year = {2015},
  month = {January},
  note = {Extended version of ESOP 2015 paper "A Theory of Name Resolution"},
  researchr = {http://researchr.org/publication/TUD-SERG-2015-001},
  cites = {0},
  citedby = {0},
  institution = {Software Engineering Research Group. Delft University of Technology},
  type = {Technical Report},
  number = {TUD-SERG-2015-001},
}

@inproceedings{JongeV12-0,
  title = {A language generic solution for name binding preservation in refactorings},
  author = {Maartje de Jonge and Eelco Visser},
  year = {2012},
  doi = {http://doi.acm.org/10.1145/2427048.2427050},
  researchr = {http://researchr.org/publication/JongeV12-0},
  cites = {0},
  citedby = {0},
  pages = {2},
  booktitle = {LDTA},
}

@inproceedings{OwensBNS11,
  title = {Lem: A Lightweight Tool for Heavyweight Semantics},
  author = {Scott Owens and Peter Böhm and Francesco Zappa Nardelli and Peter Sewell},
  year = {2011},
  doi = {http://dx.doi.org/10.1007/978-3-642-22863-6_27},
  tags = {semantics},
  researchr = {http://researchr.org/publication/OwensBNS11},
  cites = {0},
  citedby = {0},
  pages = {363-369},
  booktitle = {itp},
}

@article{GabbayP02,
  title = {A New Approach to Abstract Syntax with Variable Binding},
  author = {Murdoch Gabbay and Andrew M. Pitts},
  year = {2002},
  doi = {http://link.springer.de/link/service/journals/00165/bibs/2013003/20130341.htm},
  tags = {abstract syntax, variable binding, systematic-approach},
  researchr = {http://researchr.org/publication/GabbayP02},
  cites = {0},
  citedby = {0},
  journal = {fac},
  volume = {13},
  number = {3-5},
  pages = {341-363},
}

@article{SewellNOPRSS10,
  title = {Ott: Effective tool support for the working semanticist},
  author = {Peter Sewell and Francesco Zappa Nardelli and Scott Owens and Gilles Peskine and Thomas Ridge and Susmit Sarkar and Rok Strnisa},
  year = {2010},
  doi = {http://dx.doi.org/10.1017/S0956796809990293},
  tags = {programming languages, semantics, rule-based, Java, proof assistant, case study, formal semantics, testing, language design, rules, compiler, programming, design},
  researchr = {http://researchr.org/publication/SewellNOPRSS10},
  cites = {0},
  citedby = {0},
  journal = {JFP},
  volume = {20},
  number = {1},
  pages = {71-122},
}

@inproceedings{SchaferEM09,
  title = {Formalising and Verifying Reference Attribute Grammars in Coq},
  author = {Max Schäfer and Torbjörn Ekman and Oege de Moor},
  year = {2009},
  doi = {http://dx.doi.org/10.1007/978-3-642-00590-9_11},
  tags = {attribute grammars, reference attribute grammars, grammar},
  researchr = {http://researchr.org/publication/SchaferEM09},
  cites = {0},
  citedby = {0},
  pages = {143-159},
  booktitle = {ESOP},
}

@article{deBruijn72,
  title = {Lambda calculus notation with nameless dummies, a tool for automatic formula manipulation, with application to the {Church-Rosser} theorem},
  author = {N. G. de Bruijn},
  year = {1972},
  researchr = {http://researchr.org/publication/deBruijn72},
  cites = {0},
  citedby = {0},
  journal = {Indagationes Mathematicae},
  volume = {34},
  number = {5},
  pages = {381-392},
}

@phdthesis{Herman2010,
  title = {A Theory of Hygienic Macros },
  author = {David Herman},
  year = {2010},
  month = {May},
  researchr = {http://researchr.org/publication/Herman2010},
  cites = {0},
  citedby = {0},
  school = {Northeastern University},
  address = {Boston, Massachusetts},
  advisor = {Mitch Wand},
}

@inproceedings{DeccioCSKM09,
  title = {Quality of Name Resolution in the Domain Name System},
  author = {Casey T. Deccio and Chao-Chih Chen and Jeff Sedayao and Krishna Kant and Prasant Mohapatra},
  year = {2009},
  doi = {http://dx.doi.org/10.1109/ICNP.2009.5339693},
  researchr = {http://researchr.org/publication/DeccioCSKM09},
  cites = {0},
  citedby = {0},
  pages = {113-122},
  booktitle = {icnp},
}

@inproceedings{PfenningE88,
  title = {Higher-Order Abstract Syntax},
  author = {Frank Pfenning and Conal Elliott},
  year = {1988},
  tags = {abstract syntax},
  researchr = {http://researchr.org/publication/PfenningE88},
  cites = {0},
  citedby = {0},
  pages = {199-208},
  booktitle = {PLDI},
}

@article{Mosses-JLAP-2004,
  title = {Modular structural operational semantics},
  author = {Peter D. Mosses},
  year = {2004},
  doi = {http://dx.doi.org/10.1016/j.jlap.2004.03.008},
  tags = {programming languages, semantics, rule-based,  structural operational semantics, SOS, rules, reviewing, programming, operational semantics, incremental},
  researchr = {http://researchr.org/publication/Mosses-JLAP-2004},
  cites = {0},
  citedby = {0},
  journal = {jlp},
  volume = {60-61},
  pages = {195-228},
}

@inproceedings{KleinCDEFFMRTF12,
  title = {Run your research: on the effectiveness of lightweight mechanization},
  author = {Casey Klein and John Clements and Christos Dimoulas and Carl Eastlund and Matthias Felleisen and Matthew Flatt and Jay A. McCarthy and Jon Rafkind and Sam Tobin-Hochstadt and Robert Bruce Findler},
  year = {2012},
  doi = {http://doi.acm.org/10.1145/2103656.2103691},
  researchr = {http://researchr.org/publication/KleinCDEFFMRTF12},
  cites = {0},
  citedby = {0},
  pages = {285-296},
  booktitle = {POPL},
}

@article{Chargueraud12,
  title = {The Locally Nameless Representation},
  author = {Arthur Charguéraud},
  year = {2012},
  doi = {http://dx.doi.org/10.1007/s10817-011-9225-2},
  researchr = {http://researchr.org/publication/Chargueraud12},
  cites = {0},
  citedby = {0},
  journal = {JAR},
  volume = {49},
  number = {3},
  pages = {363-408},
}

@inproceedings{DijkstraS06,
  title = {Ruler: Programming Type Rules},
  author = {Atze Dijkstra and S. Doaitse Swierstra},
  year = {2006},
  doi = {http://dx.doi.org/10.1007/11737414_4},
  tags = {programming languages, rule-based, attribute grammars, type system, rules, type checking, programming, type theory, incremental, grammar, domain-specific language},
  researchr = {http://researchr.org/publication/DijkstraS06},
  cites = {0},
  citedby = {0},
  pages = {30-46},
  booktitle = {FLOPS},
}

@inproceedings{EkmanH07,
  title = {The {JastAdd} extensible {Java} compiler},
  author = {Torbjörn Ekman and Görel Hedin},
  year = {2007},
  doi = {http://doi.acm.org/10.1145/1297027.1297029},
  tags = {AspectJ, Java, application framework, architecture, analysis, language design, static analysis, type system, extensible compiler, type checking, compiler, JastAdd, design, extensible language},
  researchr = {http://researchr.org/publication/EkmanH07},
  cites = {0},
  citedby = {3},
  pages = {1-18},
  booktitle = {OOPSLA},
}

@inproceedings{AnconaM04:0,
  title = {A Fresh Calculus for Name Management},
  author = {Davide Ancona and Eugenio Moggi},
  year = {2004},
  doi = {http://springerlink.metapress.com/openurl.asp?genre=article&amp;issn=0302-9743&amp;volume=3286&amp;spage=206},
  researchr = {http://researchr.org/publication/AnconaM04%3A0},
  cites = {0},
  citedby = {0},
  pages = {206-224},
  booktitle = {GPCE},
}

@book{Pierce2002,
  title = {Types and Programming Languages},
  author = {Benjamin C. Pierce},
  year = {2002},
  tags = {programming languages, object-oriented programming, design science, meta programming, case study, meta-model, modeling language, modeling, language engineering, software language engineering, language modeling, language design, type system, software engineering, model-driven engineering, C++, object-role modeling, subtyping, security, e-science, compiler, programming, subject-oriented programming, type theory, abstraction, Meta-Environment, design, systematic-approach, feature-oriented programming, meta-objects},
  researchr = {http://researchr.org/publication/Pierce2002},
  cites = {0},
  citedby = {0},
  address = {Cambridge, Massachusetts},
  publisher = {MIT Press},
}

@inproceedings{ChurchillMT14,
  title = {Reusable components of semantic specifications},
  author = {Martin Churchill and Peter D. Mosses and Paolo Torrini},
  year = {2014},
  doi = {http://doi.acm.org/10.1145/2577080.2577099},
  researchr = {http://researchr.org/publication/ChurchillMT14},
  cites = {0},
  citedby = {0},
  pages = {145-156},
  booktitle = {AOSD},
}

@book{FelleisenFindlerFlatt2009,
  title = {Semantics Engineering with PLT Redex},
  author = {Matthias Felleisen and Robby Findler and Matthew Flatt},
  year = {2009},
  tags = {PLT Redex, programming languages, semantics, meta programming, meta-model, modeling language, modeling, language engineering, software language engineering, language modeling, testing, software engineering, model-driven engineering, debugging, information models, programming, Meta-Environment, abstract machine, grammar},
  researchr = {http://researchr.org/publication/FelleisenFindlerFlatt2009},
  cites = {0},
  citedby = {0},
  publisher = {MIT Press},
}

@inproceedings{SchaferMOOPSLA2010,
  title = {Specifying and implementing refactorings},
  author = {Max Schäfer and Oege de Moor},
  year = {2010},
  doi = {http://doi.acm.org/10.1145/1869459.1869485},
  tags = {refactoring},
  researchr = {http://researchr.org/publication/SchaferMOOPSLA2010},
  cites = {0},
  citedby = {0},
  pages = {286-301},
  booktitle = {OOPSLA},
}

@book{JLS8,
  title = {The {Java} Language Specification. {Java SE 8 Edition}},
  author = {James Gosling and Bill Joy and Guy Steele and Gilad Bracha and Alex Buckley},
  year = {2014},
  month = {March},
  researchr = {http://researchr.org/publication/JLS8},
  cites = {0},
  citedby = {0},
  organization = {Oracle},
}

@inproceedings{KonatKWV12,
  title = {Declarative Name Binding and Scope Rules},
  author = {Gabriël D. P. Konat and Lennart C. L. Kats and Guido Wachsmuth and Eelco Visser},
  year = {2012},
  doi = {http://dx.doi.org/10.1007/978-3-642-36089-3_18},
  researchr = {http://researchr.org/publication/KonatKWV12},
  cites = {0},
  citedby = {0},
  pages = {311-331},
  booktitle = {SLE},
}

@inproceedings{ReimannSA10,
  title = {Role-Based Generic Model Refactoring},
  author = {Jan Reimann and Mirko Seifert and Uwe Aßmann},
  year = {2010},
  doi = {http://dx.doi.org/10.1007/978-3-642-16129-2_7},
  tags = {rule-based, meta-model, model refactoring, refactoring, object-role modeling, rule-based refactoring, Meta-Environment},
  researchr = {http://researchr.org/publication/ReimannSA10},
  cites = {0},
  citedby = {0},
  pages = {78-92},
  booktitle = {MoDELS},
}

@inproceedings{CunhaSV09-0,
  title = {Discovery-based edit assistance for spreadsheets},
  author = {Jácome Cunha and JoÃ£o Saraiva and Joost Visser},
  year = {2009},
  doi = {http://doi.ieeecomputersociety.org/10.1109/VLHCC.2009.5295255},
  tags = {relational data base, rule-based, discovery, relational database, XML, XML Schema, data-flow, spreadsheets, database, Meta-Environment, systematic-approach, meta-objects},
  researchr = {http://researchr.org/publication/CunhaSV09-0},
  cites = {0},
  citedby = {0},
  pages = {233-237},
  booktitle = {vl},
}

@inproceedings{LeeCH07:0,
  title = {Towards a mechanized metatheory of standard ML},
  author = {Daniel K. Lee and Karl Crary and Robert Harper},
  year = {2007},
  doi = {http://doi.acm.org/10.1145/1190216.1190245},
  tags = {programming languages, semantics, program verification, exceptions, metatheory, programming, abstraction},
  researchr = {http://researchr.org/publication/LeeCH07%3A0},
  cites = {0},
  citedby = {0},
  pages = {173-184},
  booktitle = {POPL},
}

@article{RusinolLS10,
  title = {Symbol spotting in vectorized technical drawings through a lookup table of region strings},
  author = {Marçal Rusiñol and Josep Lladós and Gemma Sánchez},
  year = {2010},
  doi = {http://dx.doi.org/10.1007/s10044-009-0161-2},
  researchr = {http://researchr.org/publication/RusinolLS10},
  cites = {0},
  citedby = {0},
  journal = {paa},
  volume = {13},
  number = {3},
  pages = {321-331},
}

@inproceedings{BurgerKWA10,
  title = {Reference Attribute Grammars for Metamodel Semantics},
  author = {Christoff Bürger and Sven Karol and Christian Wende and Uwe Aßmann},
  year = {2010},
  doi = {http://dx.doi.org/10.1007/978-3-642-19440-5_3},
  tags = {semantics, attribute grammars, reference attribute grammars, grammar},
  researchr = {http://researchr.org/publication/BurgerKWA10},
  cites = {0},
  citedby = {0},
  pages = {22-41},
  booktitle = {SLE},
}

@article{HedinM03,
  title = {JastAdd--an aspect-oriented compiler construction system},
  author = {Görel Hedin and Eva Magnusson},
  year = {2003},
  doi = {http://dx.doi.org/10.1016/S0167-6423(02)00109-0},
  tags = {compiler, JastAdd},
  researchr = {http://researchr.org/publication/HedinM03},
  cites = {0},
  citedby = {2},
  journal = {SCP},
  volume = {47},
  number = {1},
  pages = {37-58},
}

@inproceedings{ErdwegSD14,
  title = {Capture-Avoiding and Hygienic Program Transformations},
  author = {Sebastian Erdweg and Tijs van der Storm and Yi Dai},
  year = {2014},
  doi = {http://dx.doi.org/10.1007/978-3-662-44202-9_20},
  researchr = {http://researchr.org/publication/ErdwegSD14},
  cites = {0},
  citedby = {0},
  pages = {489-514},
  booktitle = {ECOOP},
}

@inproceedings{KatsVW10,
  title = {Pure and declarative syntax definition: paradise lost and regained},
  author = {Lennart C. L. Kats and Eelco Visser and Guido Wachsmuth},
  year = {2010},
  doi = {http://doi.acm.org/10.1145/1869459.1869535},
  tags = {parsing algorithm, syntax definition, composition, software evolution, C++, compiler, parsing},
  researchr = {http://researchr.org/publication/KatsVW10},
  cites = {0},
  citedby = {1},
  pages = {918-932},
  booktitle = {OOPSLA},
}

@inproceedings{NeronTVW-ESOP-2015,
  title = {A Theory of Name Resolution},
  author = {Pierre Neron and Andrew P. Tolmach and Eelco Visser and Guido Wachsmuth},
  year = {2015},
  month = {April},
  researchr = {http://researchr.org/publication/NeronTVW-ESOP-2015},
  cites = {0},
  citedby = {0},
  booktitle = {Programming Languages and Systems - 24th European Symposium on Programming, ESOP 2015, Held as Part of the European Joint Conferences on Theory and Practice of Software, ETAPS 2015, London, UK, April 11-18, 2015, Proceedings},
}

@inproceedings{SchaferEM08,
  title = {Sound and extensible renaming for {Java}},
  author = {Max Schäfer and Torbjörn Ekman and Oege de Moor},
  year = {2008},
  doi = {http://doi.acm.org/10.1145/1449764.1449787},
  tags = {programming languages, AspectJ, rule-based, Java, Eclipse, meta programming, type soundness, refactoring, maintenance, rules, rule-based refactoring, compiler, context-aware, Meta-Environment, JastAdd, extensible language, systematic-approach},
  researchr = {http://researchr.org/publication/SchaferEM08},
  cites = {33},
  citedby = {0},
  pages = {277-294},
  booktitle = {OOPSLA},
}

@inproceedings{KonatVKWV2012,
  title = {The {Spoofax} Name Binding Language},
  author = {Gabriël D. P. Konat and Vlad A. Vergu and Lennart C. L. Kats and Guido Wachsmuth and Eelco Visser},
  year = {2012},
  tags = {C++, Spoofax},
  researchr = {http://researchr.org/publication/KonatVKWV2012},
  cites = {0},
  citedby = {0},
  booktitle = {Companion to the 27th Annual ACM SIGPLAN Conference on Object-Oriented Programming, Systems, Languages, and Applications, OOPSLA 2011, part of SPLASH 2012, Tucson, AR, USA, October 19 - 26, 2012},
}

@inproceedings{KatsV10,
  title = {The {Spoofax} language workbench: rules for declarative specification of languages and {IDEs}},
  author = {Lennart C. L. Kats and Eelco Visser},
  year = {2010},
  doi = {http://doi.acm.org/10.1145/1869459.1869497},
  tags = {programming languages, model-to-model transformation, workbench, semantics, rule-based, Eclipse, meta programming, model editor, graph transformation, meta-model, transformation language, architecture, reuse, model-driven development, graph-rewriting, rules, C++, code completion, code generation, model transformation, programming, language workbench, Spoofax, Meta-Environment, rewriting, parsing, meta-objects, transformation, program transformation, domain-specific language},
  researchr = {http://researchr.org/publication/KatsV10},
  cites = {0},
  citedby = {1},
  pages = {444-463},
  booktitle = {OOPSLA},
}

@inproceedings{WachsmuthKVGV13,
  title = {A Language Independent Task Engine for Incremental Name and Type Analysis},
  author = {Guido Wachsmuth and Gabriël D. P. Konat and Vlad A. Vergu and Danny M.  Groenewegen and Eelco Visser},
  year = {2013},
  doi = {http://dx.doi.org/10.1007/978-3-319-02654-1_15},
  researchr = {http://researchr.org/publication/WachsmuthKVGV13},
  cites = {0},
  citedby = {0},
  pages = {260-280},
  booktitle = {SLE},
}

@inproceedings{Chlipala10,
  title = {A verified compiler for an impure functional language},
  author = {Adam J. Chlipala},
  year = {2010},
  doi = {http://doi.acm.org/10.1145/1706299.1706312},
  tags = {programming languages, optimization, semantics, rule-based, translation, meta programming, proof assistant, program verification, exceptions, meta-model, abstract syntax, functional programming, reuse, source-to-source, logic programming, compiler,  mutable objects, programming, operational semantics, logic, type theory, program optimization, Meta-Environment, systematic-approach, open-source, meta-objects},
  researchr = {http://researchr.org/publication/Chlipala10},
  cites = {0},
  citedby = {0},
  pages = {93-106},
  booktitle = {POPL},
}

@article{DybvigHB92,
  title = {Syntactic Abstraction in Scheme},
  author = {R. Kent Dybvig and Robert Hieb and Carl Bruggeman},
  year = {1992},
  tags = {abstraction},
  researchr = {http://researchr.org/publication/DybvigHB92},
  cites = {0},
  citedby = {0},
  journal = {lisp},
  volume = {5},
  number = {4},
  pages = {295-326},
}

@inproceedings{EkmanH06,
  title = {Modular Name Analysis for Java Using JastAdd},
  author = {Torbjörn Ekman and Görel Hedin},
  year = {2006},
  doi = {http://dx.doi.org/10.1007/11877028_18},
  tags = {rule-based, Java, analysis, graph-rewriting, rules, compiler, context-aware, rewriting, JastAdd},
  researchr = {http://researchr.org/publication/EkmanH06},
  cites = {0},
  citedby = {1},
  pages = {422-436},
  booktitle = {GTTSE},
}

@book{AhoSU86,
  title = {Compilers: Principles, Techniques, and Tools},
  author = {Alfred V. Aho and Ravi Sethi and Jeffrey D. Ullman},
  year = {1986},
  tags = {compiler},
  researchr = {http://researchr.org/publication/AhoSU86},
  cites = {0},
  citedby = {0},
  publisher = {Addison-Wesley},
  isbn = {0-201-10088-6},
}

@inproceedings{Gomez-MartinGG06,
  title = {Dynamic Binding Is the Name of the Game},
  author = {Marco Antonio Gómez-Martín and Pedro Pablo Gómez-Martín and Pedro A. González-Calero},
  year = {2006},
  doi = {http://dx.doi.org/10.1007/11872320_27},
  researchr = {http://researchr.org/publication/Gomez-MartinGG06},
  cites = {0},
  citedby = {0},
  pages = {229-232},
  booktitle = {iwec},
}

@inproceedings{BorealeBM05,
  title = {A General Name Binding Mechanism},
  author = {Michele Boreale and Maria Grazia Buscemi and Ugo Montanari},
  year = {2005},
  doi = {http://dx.doi.org/10.1007/11580850_5},
  researchr = {http://researchr.org/publication/BorealeBM05},
  cites = {0},
  citedby = {0},
  pages = {61-74},
  booktitle = {tgc},
}

@article{BravenboerDV10,
  title = {Preventing injection attacks with syntax embeddings},
  author = {Martin  Bravenboer and Eelco  Dolstra and Eelco Visser},
  year = {2010},
  doi = {http://dx.doi.org/10.1016/j.scico.2009.05.004},
  tags = {injection attack},
  researchr = {http://researchr.org/publication/BravenboerDV10},
  cites = {0},
  citedby = {0},
  journal = {SCP},
  volume = {75},
  number = {7},
  pages = {473-495},
}

@inproceedings{AydemirCPPW08,
  title = {Engineering formal metatheory},
  author = {Brian E. Aydemir and Arthur Charguéraud and Benjamin C. Pierce and Randy Pollack and Stephanie Weirich},
  year = {2008},
  doi = {http://doi.acm.org/10.1145/1328438.1328443},
  tags = {programming languages, optimization, object-oriented programming, Machanized Metatheory, proof assistant, pattern language, type soundness, exceptions, Coq, variable binding, language engineering, Cofinite quantification, principles, little language, C++, metatheory, programming, subject-oriented programming, Syntactic type soundness, program optimization, systematic-approach, feature-oriented programming, Locally nameless},
  researchr = {http://researchr.org/publication/AydemirCPPW08},
  cites = {0},
  citedby = {0},
  pages = {3-15},
  booktitle = {POPL},
}

@article{Pottier06,
  title = {An overview of {C$\alpha$ml}},
  author = {François Pottier},
  year = {2006},
  doi = {http://dx.doi.org/10.1016/j.entcs.2005.11.039},
  tags = {C++},
  researchr = {http://researchr.org/publication/Pottier06},
  cites = {0},
  citedby = {0},
  journal = {ENTCS},
  volume = {148},
  number = {2},
  pages = {27-52},
}

@article{KastensW09,
  title = {Reusable specification modules for type analysis},
  author = {Uwe Kastens and William M. Waite},
  year = {2009},
  doi = {http://dx.doi.org/10.1002/spe.917},
  tags = {analysis, reuse},
  researchr = {http://researchr.org/publication/KastensW09},
  cites = {0},
  citedby = {0},
  journal = {SPE},
  volume = {39},
  number = {9},
  pages = {833-864},
}
</body></html>
