@inproceedings{NeronTVW-ESOP-2015,
  title = {A Theory of Name Resolution},
  author = {Pierre Neron and Andrew P. Tolmach and Eelco Visser and Guido Wachsmuth},
  year = {2015},
  month = {April},
  note = {To appear},
  researchr = {http://researchr.org/publication/NeronTVW-ESOP-2015},
  booktitle = {Programming Languages and Systems - 24th European Symposium on Programming, 
   ESOP 2015, Held as Part of the European Joint Conferences on Theory and Practice of 
   Software, ETAPS 2015, London, UK, April 11-18, 2015, Proceedings},
  series = {Lecture Notes in Computer Science},
  publisher = {Springer},
}
