Bibliography downloaded from http://researchr.org/downloadbibtex/bibliography/metaborg-book

@inproceedings{KatsV10a,
  title = {The {Spoofax} language workbench},
  author = {Lennart C. L. Kats and Eelco Visser},
  year = {2010},
  doi = {http://doi.acm.org/10.1145/1869542.1869592},
  tags = {programming languages, workbench, syntax definition, meta programming, transformation language, C++, code generation, language workbench, Spoofax, Meta-Environment, transformation, program transformation, domain-specific language},
  researchr = {http://researchr.org/publication/KatsV10a},
  cites = {0},
  citedby = {0},
  pages = {237-238},
  booktitle = {Companion to the 25th Annual ACM SIGPLAN Conference on Object-Oriented Programming, Systems, Languages, and Applications, SPLASH/OOPSLA 2010, October 17-21, 2010, Reno/Tahoe, Nevada, USA},
  editor = {William R. Cook and Siobhán Clarke and Martin C. Rinard},
  publisher = {ACM},
  isbn = {978-1-4503-0240-1},
}

@inproceedings{KV07.spoofax,
  title = {Spoofax: An Interactive Development Environment for Program Transformation with Stratego/XT},
  author = {Karl Trygve Kalleberg and Eelco Visser},
  year = {2007},
  month = {March},
  tags = {model-to-model transformation, meta programming, meta-model, model-driven development, model transformation, Spoofax, Meta-Environment, meta-objects, transformation, Stratego, program transformation},
  researchr = {http://researchr.org/publication/KV07.spoofax},
  cites = {0},
  citedby = {0},
  booktitle = {Proceedings of the Seventh Workshop on Language Descriptions, Tools and Applications (LDTA 2007)},
  series = {Electronic Notes in Theoretical Computer Science},
  address = {Braga, Portugal},
  publisher = {Elsevier},
}

@article{WachsmuthKV14,
  title = {Language Design with the Spoofax Language Workbench},
  author = {Guido Wachsmuth and Gabriël D. P. Konat and Eelco Visser},
  year = {2014},
  doi = {http://dx.doi.org/10.1109/MS.2014.100},
  researchr = {http://researchr.org/publication/WachsmuthKV14},
  cites = {0},
  citedby = {0},
  journal = {IEEE Software},
  volume = {31},
  number = {5},
  pages = {35-43},
}

@inproceedings{KonatVKWV2012,
  title = {The {Spoofax} Name Binding Language},
  author = {Gabriël D. P. Konat and Vlad A. Vergu and Lennart C. L. Kats and Guido Wachsmuth and Eelco Visser},
  year = {2012},
  tags = {C++, Spoofax},
  researchr = {http://researchr.org/publication/KonatVKWV2012},
  cites = {0},
  citedby = {0},
  booktitle = {Companion to the 27th Annual ACM SIGPLAN Conference on Object-Oriented Programming, Systems, Languages, and Applications, OOPSLA 2011, part of SPLASH 2012, Tucson, AR, USA, October 19 - 26, 2012},
  publisher = {ACM},
}

@inproceedings{KatsV10,
  title = {The {Spoofax} language workbench: rules for declarative specification of languages and {IDEs}},
  author = {Lennart C. L. Kats and Eelco Visser},
  year = {2010},
  doi = {http://doi.acm.org/10.1145/1869459.1869497},
  tags = {programming languages, model-to-model transformation, workbench, semantics, rule-based, Eclipse, meta programming, model editor, graph transformation, meta-model, transformation language, architecture, reuse, model-driven development, graph-rewriting, rules, C++, code completion, code generation, model transformation, programming, language workbench, Spoofax, Meta-Environment, rewriting, parsing, meta-objects, transformation, program transformation, domain-specific language},
  researchr = {http://researchr.org/publication/KatsV10},
  cites = {0},
  citedby = {1},
  pages = {444-463},
  booktitle = {Proceedings of the 25th Annual ACM SIGPLAN Conference on Object-Oriented Programming, Systems, Languages, and Applications, OOPSLA 2010},
  editor = {William R. Cook and Siobhán Clarke and Martin C. Rinard},
  address = {Reno/Tahoe, Nevada},
  publisher = {ACM},
  isbn = {978-1-4503-0203-6},
}
