Bibliography downloaded from http://researchr.org/downloadbibtex/bibliography/ldwb-nametyperes/compact

@inproceedings{Mitchell84,
  title = {Coercion and Type Inference},
  author = {John C. Mitchell},
  year = {1984},
  tags = {type inference, C++},
  researchr = {http://researchr.org/publication/Mitchell84},
  cites = {0},
  citedby = {0},
  pages = {175-185},
  booktitle = {POPL},
}

@article{Milner78:0,
  title = {A Theory of Type Polymorphism in Programming},
  author = {Robin Milner},
  year = {1978},
  tags = {type inference, type checking, programming, type theory},
  researchr = {http://researchr.org/publication/Milner78%3A0},
  cites = {0},
  citedby = {2},
  journal = {jcss},
  volume = {17},
  number = {3},
  pages = {348-375},
}

@article{SimonetP07,
  title = {A constraint-based approach to guarded algebraic data types},
  author = {Vincent Simonet and François Pottier},
  year = {2007},
  doi = {http://doi.acm.org/10.1145/1180475.1180476},
  tags = {rule-based, constraints, data-flow,  algebra, systematic-approach},
  researchr = {http://researchr.org/publication/SimonetP07},
  cites = {0},
  citedby = {0},
  journal = {TOPLAS},
  volume = {29},
  number = {1},
}

@inproceedings{TrifonovS96,
  title = {Subtyping Constrained Types},
  author = {Valery Trifonov and Scott F. Smith},
  year = {1996},
  tags = {subtyping},
  researchr = {http://researchr.org/publication/TrifonovS96},
  cites = {0},
  citedby = {0},
  pages = {349-365},
  booktitle = {SAS},
}

@article{SulzmannS08,
  title = {HM(X) type inference is CLP(X) solving},
  author = {Martin Sulzmann and Peter J. Stuckey},
  year = {2008},
  doi = {http://dx.doi.org/10.1017/S0956796807006569},
  tags = {type inference, rule-based, constraints, type system, rules, systematic-approach},
  researchr = {http://researchr.org/publication/SulzmannS08},
  cites = {0},
  citedby = {0},
  journal = {JFP},
  volume = {18},
  number = {2},
  pages = {251-283},
}

@inproceedings{Pottier98,
  title = {A Framework for Type Inference with Subtyping},
  author = {François Pottier},
  year = {1998},
  doi = {http://doi.acm.org/10.1145/289423.289448},
  tags = {type inference, subtyping},
  researchr = {http://researchr.org/publication/Pottier98},
  cites = {0},
  citedby = {0},
  pages = {228-238},
  booktitle = {ICFP},
}

@inproceedings{DijkstraS06,
  title = {Ruler: Programming Type Rules},
  author = {Atze Dijkstra and S. Doaitse Swierstra},
  year = {2006},
  doi = {http://dx.doi.org/10.1007/11737414_4},
  tags = {programming languages, rule-based, attribute grammars, type system, rules, type checking, programming, type theory, incremental, grammar, domain-specific language},
  researchr = {http://researchr.org/publication/DijkstraS06},
  cites = {0},
  citedby = {0},
  pages = {30-46},
  booktitle = {FLOPS},
}

@article{StuckeyS05,
  title = {A theory of overloading},
  author = {Peter J. Stuckey and Martin Sulzmann},
  year = {2005},
  doi = {http://doi.acm.org/10.1145/1108970.1108974},
  researchr = {http://researchr.org/publication/StuckeyS05},
  cites = {0},
  citedby = {0},
  journal = {TOPLAS},
  volume = {27},
  number = {6},
  pages = {1216-1269},
}

@inproceedings{GreenmanMT14,
  title = {Getting F-bounded polymorphism into shape},
  author = {Ben Greenman and Fabian Muehlboeck and Ross Tate},
  year = {2014},
  doi = {http://doi.acm.org/10.1145/2594291.2594308},
  researchr = {http://researchr.org/publication/GreenmanMT14},
  cites = {0},
  citedby = {0},
  pages = {12},
  booktitle = {PLDI},
}

@article{IgarashiPW01,
  title = {Featherweight Java: a minimal core calculus for Java and GJ},
  author = {Atsushi Igarashi and Benjamin C. Pierce and Philip Wadler},
  year = {2001},
  doi = {http://doi.acm.org/10.1145/503502.503505},
  tags = {Java, C++},
  researchr = {http://researchr.org/publication/IgarashiPW01},
  cites = {0},
  citedby = {0},
  journal = {TOPLAS},
  volume = {23},
  number = {3},
  pages = {396-450},
}

@inproceedings{ErdwegSV13,
  title = {The State of the Art in Language Workbenches - Conclusions from the Language Workbench Challenge},
  author = {Sebastian Erdweg and Tijs van der Storm and Markus Völter and  Meinte Boersma and Remi Bosman and William R. Cook and Albert Gerritsen and Angelo Hulshout and Steven Kelly and Alex Loh and Gabriël D. P. Konat and Pedro J. Molina and Martin Palatnik and Risto Pohjonen and Eugen Schindler and Klemens Schindler and Riccardo Solmi and Vlad A. Vergu and Eelco Visser and Kevin van der Vlist and Guido Wachsmuth and Jimi van der Woning},
  year = {2013},
  doi = {http://dx.doi.org/10.1007/978-3-319-02654-1_11},
  researchr = {http://researchr.org/publication/ErdwegSV13},
  cites = {0},
  citedby = {0},
  pages = {197-217},
  booktitle = {SLE},
}

@inproceedings{OderskyZZ01,
  title = {Colored local type inference},
  author = {Martin Odersky and Christoph Zenger and Matthias Zenger},
  year = {2001},
  doi = {http://doi.acm.org/10.1145/360204.360207},
  tags = {type inference, local type inference},
  researchr = {http://researchr.org/publication/OderskyZZ01},
  cites = {0},
  citedby = {0},
  pages = {41-53},
  booktitle = {POPL},
}

@article{kennedy2006decidability,
  title = {On decidability of nominal subtyping with variance},
  author = {Kennedy, Andrew J and Pierce, Benjamin C},
  year = {2006},
  researchr = {http://researchr.org/publication/kennedy2006decidability},
  cites = {0},
  citedby = {0},
}

@techreport{GrimmHarrisLe2007,
  title = {Typical: Taking the Tedium Out of Typing},
  author = {Robert Grimm and  Laune Harris and Anh Le},
  year = {2007},
  month = {November},
  tags = {rule-based, pattern language, software components, traversal, language engineering, software language engineering, software component, constraints, type system, software engineering, rules, C++, type checking, compiler, domain-specific language},
  researchr = {http://researchr.org/publication/GrimmHarrisLe2007},
  cites = {0},
  citedby = {0},
  institution = {New York University},
  type = {NYU CS Technical Report },
  number = {TR2007-904},
  address = {New York},
}

@article{Mitchell91:4,
  title = {Type Inference With Simple Subtypes},
  author = {John C. Mitchell},
  year = {1991},
  tags = {type inference, C++, subtyping},
  researchr = {http://researchr.org/publication/Mitchell91%3A4},
  cites = {0},
  citedby = {0},
  journal = {JFP},
  volume = {1},
  number = {3},
  pages = {245-285},
}

@inproceedings{PottierR06:0,
  title = {Stratified type inference for generalized algebraic data types},
  author = {François Pottier and Yann Régis-Gianas},
  year = {2006},
  doi = {http://doi.acm.org/10.1145/1111037.1111058},
  tags = {type inference, data-flow,  algebra},
  researchr = {http://researchr.org/publication/PottierR06%3A0},
  cites = {0},
  citedby = {0},
  pages = {232-244},
  booktitle = {POPL},
}

@article{VytiniotisJSS11,
  title = {OutsideIn(X) Modular type inference with local assumptions},
  author = {Dimitrios Vytiniotis and Simon L. Peyton Jones and Tom Schrijvers and Martin Sulzmann},
  year = {2011},
  tags = {empirical, programming languages, type inference, rule-based, data-flow language, constraints, Haskell, type system, data-flow programming, data-flow, metatheory, systematic-approach, local type inference, domain-specific language},
  researchr = {http://researchr.org/publication/VytiniotisJSS11},
  cites = {0},
  citedby = {0},
  journal = {J. Funct. Program.},
  volume = {21},
  number = {4-5},
  pages = {333-412},
}

@book{0092409,
  title = {Term rewriting and all that},
  author = {Franz Baader and Tobias Nipkow},
  year = {1998},
  tags = {term rewriting, graph-rewriting, rewriting},
  researchr = {http://researchr.org/publication/0092409},
  cites = {0},
  citedby = {0},
  publisher = {Cambridge University Press},
  isbn = {978-0-521-45520-6},
}

@inproceedings{SchrijversJSV09,
  title = {Complete and decidable type inference for GADTs},
  author = {Tom Schrijvers and Simon L. Peyton Jones and Martin Sulzmann and Dimitrios Vytiniotis},
  year = {2009},
  doi = {http://doi.acm.org/10.1145/1596550.1596599},
  tags = {type inference, completeness},
  researchr = {http://researchr.org/publication/SchrijversJSV09},
  cites = {0},
  citedby = {0},
  pages = {341-352},
  booktitle = {ICFP},
}

@inproceedings{Stansifer88,
  title = {Type Inference with Subtypes},
  author = {Ryan Stansifer},
  year = {1988},
  tags = {type inference, subtyping},
  researchr = {http://researchr.org/publication/Stansifer88},
  cites = {0},
  citedby = {0},
  pages = {88-97},
  booktitle = {POPL},
}

@inproceedings{Remy92:0,
  title = {Typing Record Concatenation for Free},
  author = {Didier R{\'{e}}my},
  year = {1992},
  researchr = {http://researchr.org/publication/Remy92%3A0},
  cites = {0},
  citedby = {0},
  pages = {166-176},
  booktitle = {POPL},
}

@article{Cardelli87,
  title = {Basic Polymorphic Typechecking},
  author = {Luca Cardelli},
  year = {1987},
  tags = {type inference, polymorphism, type checking, type systems},
  researchr = {http://researchr.org/publication/Cardelli87},
  cites = {2},
  citedby = {0},
  journal = {SCP},
  volume = {8},
  number = {2},
  pages = {147-172},
}

@article{PierceT-TOPLAS-2000,
  title = {Local type inference},
  author = {Benjamin C. Pierce and David N. Turner},
  year = {2000},
  doi = {http://doi.acm.org/10.1145/345099.345100},
  tags = {type inference, language design, constraints, C++, subtyping, abstraction, local type inference},
  researchr = {http://researchr.org/publication/PierceT-TOPLAS-2000},
  cites = {54},
  citedby = {0},
  journal = {TOPLAS},
  volume = {22},
  number = {1},
  pages = {1-44},
}

@article{OderskySW99,
  title = {Type Inference with Constrained Types},
  author = {Martin Odersky and Martin Sulzmann and Martin Wehr},
  year = {1999},
  tags = {type inference},
  researchr = {http://researchr.org/publication/OderskySW99},
  cites = {0},
  citedby = {0},
  journal = {tapos},
  volume = {5},
  number = {1},
  pages = {35-55},
}

@article{FuhM90,
  title = {Type Inference with Subtypes},
  author = {You-Chin Fuh and Prateek Mishra},
  year = {1990},
  tags = {type inference, subtyping},
  researchr = {http://researchr.org/publication/FuhM90},
  cites = {0},
  citedby = {0},
  journal = {TCS},
  volume = {73},
  number = {2},
  pages = {155-175},
}

@phdthesis{GastThesis2004,
  title = {A Generator for Type Checkers},
  author = {Holger Gast},
  year = {2004},
  tags = {programming languages, optimization, object-oriented programming, reusable components, type inference, rule-based, program analysis, generic programming, software components, functional programming, software component, analysis, language design, type system, reuse, rules, C++, code generation, type checking, compiler, subject-oriented programming, type theory, program optimization, systematic-approach, feature-oriented programming},
  researchr = {http://researchr.org/publication/GastThesis2004},
  cites = {0},
  citedby = {0},
  school = {Eberhard-Karls-Universität},
  address = {Tübingen},
}

@article{KleinN06,
  title = {A machine-checked model for a Java-like language, virtual machine, and compiler},
  author = {Gerwin Klein and Tobias Nipkow},
  year = {2006},
  doi = {http://doi.acm.org/10.1145/1146811},
  tags = {Java, modeling language, language modeling, compiler},
  researchr = {http://researchr.org/publication/KleinN06},
  cites = {0},
  citedby = {0},
  journal = {TOPLAS},
  volume = {28},
  number = {4},
  pages = {619-695},
}

@inproceedings{PalsbergS91,
  title = {Object-Oriented Type Inference},
  author = {Jens Palsberg and Michael I. Schwartzbach},
  year = {1991},
  tags = {type inference, meta-model, Meta-Environment, meta-objects},
  researchr = {http://researchr.org/publication/PalsbergS91},
  cites = {0},
  citedby = {0},
  pages = {146-161},
  booktitle = {OOPSLA},
}

@book{Pierce05advancedtopics,
  title = {Advanced Topics in Types and Programming Languages},
  year = {2005},
  tags = {programming languages, semantics, design science, type inference, program comprehension, program analysis, application framework, language engineering, software language engineering, analysis, language design, type system, software engineering, type checking, security, programming, operational semantics, type theory},
  researchr = {http://researchr.org/publication/Pierce05advancedtopics},
  cites = {0},
  citedby = {0},
  editor = {Benjamin C. Pierce},
  publisher = {The MIT Press},
  isbn = {0-262-16228-8},
}

@inproceedings{DamasM82,
  title = {Principal Type-Schemes for Functional Programs},
  author = {Luís Damas and Robin Milner},
  year = {1982},
  tags = {functional programming},
  researchr = {http://researchr.org/publication/DamasM82},
  cites = {0},
  citedby = {1},
  pages = {207-212},
  booktitle = {POPL},
}

@article{LevinP03,
  title = {TinkerType: a language for playing with formal systems},
  author = {Michael Y. Levin and Benjamin C. Pierce},
  year = {2003},
  doi = {http://dx.doi.org/10.1017/S0956796802004550},
  tags = {control systems, semantics, type inference, rule-based, application framework, formal semantics, type system, rules, C++, subtyping, type checking, consistency, operational semantics, logic},
  researchr = {http://researchr.org/publication/LevinP03},
  cites = {31},
  citedby = {0},
  journal = {JFP},
  volume = {13},
  number = {2},
  pages = {295-316},
}



@inproceedings{SewellNOPRSS07,
  title = {Ott: effective tool support for the working semanticist},
  author = {Peter Sewell and Francesco Zappa Nardelli and Scott Owens and Gilles Peskine and Tom Ridge and Susmit Sarkar and Rok Strnisa},
  year = {2007},
  doi = {http://doi.acm.org/10.1145/1291151.1291155},
  tags = {programming languages, semantics, rule-based, Java, proof assistant, case study, formal semantics, testing, language design, rules, compiler, programming, design},
  researchr = {http://researchr.org/publication/SewellNOPRSS07},
  cites = {0},
  citedby = {1},
  pages = {1-12},
  booktitle = {ICFP},
}

@inproceedings{SteimannP12,
  title = {Constraint-Based Refactoring with Foresight},
  author = {Friedrich Steimann and Jens von Pilgrim},
  year = {2012},
  doi = {http://dx.doi.org/10.1007/978-3-642-31057-7_24},
  researchr = {http://researchr.org/publication/SteimannP12},
  cites = {0},
  citedby = {0},
  pages = {535-559},
  booktitle = {ECOOP},
}

@article{Wand87a,
  title = {A Simple Algorithm and Proof for Type Inference},
  author = {Mitchell Wand},
  year = {1987},
  researchr = {http://researchr.org/publication/Wand87a},
  cites = {0},
  citedby = {0},
  journal = {Fundamenta Infomaticae},
  volume = {10},
  pages = {115-122},
}

@inproceedings{KatsV10,
  title = {The {Spoofax} language workbench: rules for declarative specification of languages and {IDEs}},
  author = {Lennart C. L. Kats and Eelco Visser},
  year = {2010},
  doi = {http://doi.acm.org/10.1145/1869459.1869497},
  tags = {programming languages, model-to-model transformation, workbench, semantics, rule-based, Eclipse, meta programming, model editor, graph transformation, meta-model, transformation language, architecture, reuse, model-driven development, graph-rewriting, rules, C++, code completion, code generation, model transformation, programming, language workbench, Spoofax, Meta-Environment, rewriting, parsing, meta-objects, transformation, program transformation, domain-specific language},
  researchr = {http://researchr.org/publication/KatsV10},
  cites = {0},
  citedby = {1},
  pages = {444-463},
  booktitle = {OOPSLA},
}

@inproceedings{MarlowW97,
  title = {A Practical Subtyping System For Erlang},
  author = {Simon Marlow and Philip Wadler},
  year = {1997},
  tags = {subtyping},
  researchr = {http://researchr.org/publication/MarlowW97},
  cites = {0},
  citedby = {0},
  pages = {136-149},
  booktitle = {ICFP},
}

@inproceedings{EkmanH06,
  title = {Modular Name Analysis for Java Using JastAdd},
  author = {Torbjörn Ekman and Görel Hedin},
  year = {2006},
  doi = {http://dx.doi.org/10.1007/11877028_18},
  tags = {rule-based, Java, analysis, graph-rewriting, rules, compiler, context-aware, rewriting, JastAdd},
  researchr = {http://researchr.org/publication/EkmanH06},
  cites = {0},
  citedby = {1},
  pages = {422-436},
  booktitle = {GTTSE},
}

@inproceedings{BellamyAMS08,
  title = {Efficient local type inference},
  author = {Ben Bellamy and Pavel Avgustinov and Oege de Moor and Damien Sereni},
  year = {2008},
  doi = {http://doi.acm.org/10.1145/1449764.1449802},
  tags = {model-to-model transformation, type inference, rule-based, Java, data-flow language, model checking, type soundness, transformation language, points-to analysis, analysis, static analysis, constraints, data-flow, source-to-source, rules, type checking, model transformation, decompilation, data-flow analysis, local type inference, open-source, transformation},
  researchr = {http://researchr.org/publication/BellamyAMS08},
  cites = {0},
  citedby = {0},
  pages = {475-492},
  booktitle = {OOPSLA},
}

@article{KleinN05,
  title = {Jinja is not Java},
  author = {Gerwin Klein and Tobias Nipkow},
  year = {2005},
  doi = {http://afp.sourceforge.net/entries/Jinja.shtml},
  researchr = {http://researchr.org/publication/KleinN05},
  cites = {0},
  citedby = {0},
  journal = {afp},
  volume = {2005},
}

@inproceedings{MulliganOGRS14,
  title = {Lem: reusable engineering of real-world semantics},
  author = {Dominic P. Mulligan and Scott Owens and Kathryn E. Gray and Tom Ridge and Peter Sewell},
  year = {2014},
  doi = {http://doi.acm.org/10.1145/2628136.2628143},
  researchr = {http://researchr.org/publication/MulliganOGRS14},
  cites = {0},
  citedby = {0},
  pages = {175-188},
  booktitle = {ICFP},
}

@inproceedings{Pottier96,
  title = {Simplifying Subtyping Constraints},
  author = {François Pottier},
  year = {1996},
  tags = {constraints, subtyping},
  researchr = {http://researchr.org/publication/Pottier96},
  cites = {0},
  citedby = {0},
  pages = {122-133},
  booktitle = {ICFP},
}
