
@manual{ocamlrefman,
  author = {Xavier Leroy and Damien Doligez and Alain Frisch and
Jacques Garrigue and Didier R\'emy and J\'er\^ome Vouillon},
  title =        {The {OC}aml system (release 4.00): Documentation and
user's manual},
  organization = {Institut National de Recherche en Informatique et en
Automatique},
  year =         2012,
  month=jul,
} 
@inproceedings{NeronTVW-ESOP-2015,
  title = {A Theory of Name Resolution},
  author = {Pierre Neron and Andrew P. Tolmach and Eelco Visser and Guido Wachsmuth},
  year = {2015},
  month = {April},
  researchr = {http://researchr.org/publication/NeronTVW-ESOP-2015},
  cites = {0},
  citedby = {0},
  booktitle = {ESOP},
}

@inproceedings{DBLP:conf/pldi/PfenningE88,
  author    = {Frank Pfenning and
               Conal Elliott},
  editor    = {Richard L. Wexelblat},
  title     = {Higher-Order Abstract Syntax},
  booktitle = {Proceedings of the {ACM} SIGPLAN'88 Conference on Programming Language
               Design and Implementation (PLDI), Atlanta, Georgia, USA, June 22-24,
               1988},
  pages     = {199--208},
  publisher = {{ACM}},
  year      = {1988},
  url       = {http://doi.acm.org/10.1145/53990.54010},
  doi       = {10.1145/53990.54010},
  timestamp = {Mon, 21 May 2012 16:19:53 +0200},
  biburl    = {http://dblp.uni-trier.de/rec/bib/conf/pldi/PfenningE88},
  bibsource = {dblp computer science bibliography, http://dblp.org}
}

@techreport{TUD-SERG-2015-001-local,
  title = {A Theory of Name Resolution with extended Coverage and Proofs},
  author = {Pierre Neron and Andrew P. Tolmach and Eelco Visser and Guido Wachsmuth},
  year = {2015},
  month = {January},
  note = {Extended version of this paper},
  researchr = {http://researchr.org/publication/TUD-SERG-2015-001},
  cites = {0},
  citedby = {0},
  institution = {Software Engineering Research Group. Delft University of Technology},
  type = {Technical Report},
  number = {TUD-SERG-2015-001},
}

@misc{HaskellTDNR,
  title = {{Proposal: TypeDirectedNameResolution}},
  author = {Peyton Jones, Simon},
  howpublished = {\url{https://ghc.haskell.org/trac/haskell-prime/wiki/TypeDirectedNameResolution}},
  note = {Last modified: 2009-11-09, Accessed: 2015-03-25}
}

@incollection{Pottier-Remy/emlti,
  author = {Fran{\c{c}}ois Pottier and Didier R{\'{e}}my},
  title = {The Essence of {ML} Type Inference},
  booktitle = {Advanced Topics in Types and Programming Languages},
  pages = {389--489},
  publisher = {MIT Press},
  year = {2005},
  editor = {Benjamin C. Pierce},
  chapter = {10},
  url = {http://cristal.inria.fr/attapl/},
  category = {A}
}